@book{foundations,
  title={Foundations of Multithreaded, Parallel, and Distributed Programming},
  author={Andrews, Gregory},
  isbn={0201357526},
  year={2000},
  publisher={Addison-Wesley},
}

@book{pierce2016imp,
  title={Software Foundations},
  author={Pierce, C, Benjamin and Azevedo de Amorim, Arthur and Casinghino, Chris and et al.},
  booktitle={Software Foundations},
  year={2016},
}

